@article {Snitch,
author = {Niezgoda, Sebastian and P.Way, Thomas},
title = {A software tool for detecting cut and paste plagiarism},
volume = {38},
month = {mars},
year = {2006},
publisher = {ACM}
}

@article {plagiat-art1,
author = {MEDIALOGUES},
title = {Internet: Fraude et déontologie selon les acteurs universitaires},
month = {novembre},
year = {2007},
}

@article {plagiat-art2,
author = {Malkin, Michael and Venkatesan, Ramarathnam},
title = {Comparison of texts streams in the presence of mild adversaries},
volume = {44},
month = {novembre},
year = {2005},
publisher = {Australian Computer Society, Inc.}
}

@article {plagiat-art3,
author = {Wise, Michael J.},
title = {YAP3: improved detection of similarities in computer program and other texts},
volume = {28},
month = {mars},
year = {1996},
publisher = {ACM}
}

@article {plagiat-art5,
author = {Harris, James K.},
title = {Plagiarism in computer science courses},
year = {1994},
publisher = {ACM}
}

@article {plagiat-art6,
author = {Sheard and Dick and Markham and Macdonald and Walsh},
title = {Cheating and plagiarism: perceptions and practices of first year IT students},
volume = {34},
month = {septembre},
year = {2002},
publisher = {ACM}
}

@article {plagiat-art7,
author = {Wiedemeler, Paul D.},
title = {Preventing plagiarism in computer literacy courses},
volume = {17},
month = {march},
year = {2002},
publisher = {Consortium for Computing Sciences in Colleges}
}

@article {plagiat-art9,
author = {Bolsvert, Ronald F and Irwin, Mary Jane},
title = {Plagiarism on the rise},
volume = {49},
month = {juin},
year = {2006},
publisher = {ACM}
}

@article {plagiat-art10,
author = {Kienreich, Wolfang and Granitzer, Michael and Sabol, Vedran and Klieber, Werner},
title = {Plagiarism Detection in Large Sets of Press Agency Articles},
year = {2006},
publisher = {IEEE Computer Society}
}

@article {plagiat-art11,
author = {Engels, Steve and Lakshmanan, Vivek and Craig, Michelle},
title = {Plagiarism detection using feature-based neural networks},
volume = {39},
year = {2007},
publisher = {ACM}
}

@article {plagiat-art12,
author = {Dr. Usability},
title = {Prototyping and plagiarism},
volume = {13},
year = {2006},
publisher = {ACM}
}

@article {plagiat-art13,
author = {Lukashenko, Romans and Graudina, Vita and Grundspenkis, Janis},
title = {Computer-based plagiarism detection methods and tools: an overview},
year = {2007},
publisher = {ACM}
}

@phdthesis {NoPlagia,
author = {Turbet Delof, M.A. and Couette, A. and Farnault, A.},
title = {No Plagia},
school = {Université de Luminy},
address = {http://noplagia.org},
month = {mai},
year = {2007}
}

@manual {perl-intro,
title = {Introduction au Perl},
address = {http://perl.developpez.com/tutoriel/cours1/}
}

@book {expreg,
author = {E.F.Frield, Jeffrey},
title = {Maîtrise des expressions régulières},
edition = {O'REILLY},
chapter = {Chapitre 7}
}

@book {perl-bk1,
author = {Targoud, Stéphane and Perduj, Hervé},
title = {Les meilleures bibliothèques pour Perl},
edition = {H et K}
}

@book {perl-bk2,
author = {Orwant, Jon and Wall, Larry and Christiansen, Tom},
title = {Programmation en Perl},
edition = {O'REILLY}
}

@book {apache-bk,
author = {Laurie, Ben and Laurie, Peter},
title = {Apache - La référence},
edition = {O'REILLY}
}

@book {plagiat-bk1,
author = {Collectif},
title = {Critique, numéro 663 - 664 : Copier, voler, les plagiaires},
edition = {De Minuit}
}

@book {plagiat-bk2,
author = {Hennig, J. L.},
title = {Apologie du plagiat},
edition = {Gallimard}
}

@book {plagiat-bk3,
author = {Colombet, Claude},
title = {Propriété littéraire et artistique et droits voisins},
edition = {Dalloz}
}

@book {plagiat-bk4,
author = {Maurel-Indart, Hélène},
title = {Plagiats, les coulisses de l'écriture},
edition = {Différence},
year = {1999},
}

@book {plagiat-bk5,
author = {de Chaudenay, Roland},
title = {Les plagiaires, le nouveau dictionnaire},
edition = {Perrin},
year = {1990},
}

@book {plagiat-bk6,
author = {Sedgewick, Robert},
title = {Algorithms. Reading},
edition = {Addison Wesly},
year = {1992}
}

@book {plagiat-bk7,
author = {Lathrop, Ann and Foos, Katleen E.},
title = {Student Cheating and Plagiarism to the Internet Era: A Wake-up Call},
year = {2000},
edition = {Pap/Dsk}
}

@book {plagiat-bk8,
author = {Crochemore and Hancart and Lecroq},
title = {Algorithme du texte},
edition = {Vuibert},
year = {2001}
}
